# Ceci est un exemple de bibliographie
# Il est préféreable d'utiliser Zotero pour gérer sa bibliographie

@misc{overleaf_bibliography_management_2023,
	title = {Overleaf - Bibliography management with bibtex},
	url = {https://fr.overleaf.com/learn/latex/Bibliography_management_with_biblatex},
	urldate = {2023-04-10},
    author = {Overleaf}
}